@article{deepl,
    author =       "A. Sathyanarayana MSc, Shafiq Joty PhD, Luiz Fernandez-Luque PhD",
    title =        "Sleep Quality Prediction From Wearable Data Using Deep Learning",
    journal =      "JMIR Mhealth Uhealth",
    year =         "2016 ",
    DOI =          "https://www.ncbi.nlm.nih.gov/pmc/articles/PMC5116102/"
}
@article{melatonina,
    author =       "Ma³gorzata Lehner, Adam Hamed, Adam P³aŸnik",
    title =        "Regulacja rytmów oko³odobowych na przyk³adzie melatoniny
o powolnym uwalnianiu",
    journal =      "Kwartalnik Farmakoterapia w Psychiatrii i Neurologii",
    year =         "2009 ",
    DOI =          "http://old.ipin.edu.pl/fpn/aktualne/2009/1/t25z1_7.pdf"
}

@misc{statistics,
  title = {Sleep and Sleep Disorders},
  howpublished = "\url{https://www.cdc.gov/sleep/data_statistics.html}",
  publisher = {Centers for Disease Control and Prevention},
  year = {2017}, 
  note = "[Online; dostêp 10.06.2018]"
}

@misc{lstm,
  author = {Christopher Olah},
  title = {Understanding LSTM Networks},
  howpublished = "\url{http://colah.github.io/posts/2015-08-Understanding-LSTMs/}",
  year = {2015}, 
  note = "[Online; dostêp 7.06.2018]"
}


@misc{perceptron,
  author = {Gamil Yassin},
  title = {{Build Simple AI .NET Library - Part 3 - Perceptron}},
  howpublished = "\url{https://www.codeproject.com/Articles/1205732/Build-Simple-AI-NET-Library-Part-Perceptron}",
  year = {2017}, 
  note = "[Online; dostêp 10.06.2018]"
}

@misc{nardeas,
  author = {nardeas},
  title = {sleephow},
  year = {2017},
  publisher = {GitHub},
  journal = {GitHub repository},
  howpublished = {\url{https://github.com/nardeas/sleephow}},
  note = "[Online; dostêp 10.06.2018]"
}

@misc{youtube,
	title = {Study Less Study Smart},
	date = {2011},
	organization = {Youtube},
	author = {Marty Lobdell},
	url = {https://www.youtube.com/watch?v=IlU-zDU6aQ0},
	note = "[Online; dostêp 10.06.2018]"
}
@BOOK{MedycynaSnu,
  AUTHOR =       {Wichniak,~A. and Alon Avidan,~Y. and  Phyllis Zee,~C.},
  TITLE =        {{Podrêcznik medycyny snu}},
  PUBLISHER =    {Medipage},
  YEAR =         {2007},
  address =      {Kraków},
}

@BOOK{wiki,
  AUTHOR =       {Wikipedia},
  TITLE =        {{Sieæ neuronowa}},
  PUBLISHER =    {Wikimedia Foundation},
  YEAR =         {2018},
}
